<?xml version="1.0" encoding="UTF-8"?><collection xmlns="http://www.loc.gov/MARC21/slim"><record><leader>00492nam--2200169-i-4500</leader><controlfield tag="001">000036659</controlfield><controlfield tag="002">20161230</controlfield><controlfield tag="005">20161230201041</controlfield><controlfield tag="008">060222s1000------------r-----000-0-eng-d</controlfield><datafield ind1=" " ind2=" " tag="040"><subfield code="a">IFIN-HH</subfield></datafield><datafield ind1=" " ind2=" " tag="080"><subfield code="a">533.95:537.84(061.3)</subfield></datafield><datafield ind1="1" ind2=" " tag="100"><subfield code="a">Landshoff, Rolf K.M</subfield></datafield><datafield ind1="1" ind2="0" tag="245"><subfield code="a">The plasma in a magnetic field</subfield><subfield code="b">A symposium on magnetohydrodynamics</subfield><subfield code="c">Rolf k.m. landshoff</subfield></datafield><datafield ind1=" " ind2=" " tag="260"><subfield code="a">Stanford University Press, 1958,</subfield></datafield><datafield ind1=" " ind2=" " tag="300"><subfield code="a">V + 130P</subfield></datafield><datafield ind1=" " ind2=" " tag="852"><subfield code="a">15129</subfield><subfield code="c">533.9</subfield></datafield><datafield ind1=" " ind2=" " tag="CAT"><subfield code="a">Sys</subfield><subfield code="c">20100917</subfield><subfield code="h">131949</subfield></datafield></record></collection>